<?xml version="1.0" encoding="UTF-8"?><collection xmlns="http://www.loc.gov/MARC21/slim"><record><leader>00532nam--2200193-u-4500</leader><controlfield tag="001">000053679</controlfield><controlfield tag="002">20161230</controlfield><controlfield tag="005">20161230201051</controlfield><controlfield tag="008">110511s1000------------r-----000-0-rus-d</controlfield><datafield ind1=" " ind2=" " tag="040"><subfield code="a">IFIN-HH</subfield></datafield><datafield ind1=" " ind2=" " tag="041"><subfield code="a">rus</subfield></datafield><datafield ind1=" " ind2=" " tag="080"><subfield code="a">536.45</subfield></datafield><datafield ind1="1" ind2=" " tag="100"><subfield code="a">Gintburg, Ia.S</subfield></datafield><datafield ind1="1" ind2="0" tag="245"><subfield code="a">Ustanovki dlia ispitania masinostroitelnih materialov pri visokih temperaturah</subfield><subfield code="c">Ia.s. gintburg; a.g. boborov</subfield></datafield><datafield ind1=" " ind2=" " tag="260"><subfield code="a">Moskva</subfield><subfield code="b">Masinostroenie</subfield><subfield code="c">1964</subfield></datafield><datafield ind1=" " ind2=" " tag="300"><subfield code="a">196P</subfield></datafield><datafield ind1="1" ind2=" " tag="700"><subfield code="a">Boporov, A.G</subfield></datafield><datafield ind1=" " ind2=" " tag="852"><subfield code="a">76309</subfield><subfield code="c">536</subfield></datafield><datafield ind1=" " ind2=" " tag="CAT"><subfield code="a">Sys</subfield><subfield code="c">20110511</subfield><subfield code="h">145715</subfield></datafield></record></collection>